@article{report:zhu2024scalable,
  title={Scalable MatMul-free Language Modeling},
  author={Zhu, Rui-Jie and Zhang, Yu and Sifferman, Ethan and Sheaves, Tyler and Wang, Yiqiao and Richmond, Dustin and Zhou, Peng and Eshraghian, Jason K},
  journal={arXiv preprint arXiv:2406.02528},
  year={2024}
}
